
@article{Knoll1932,
	title={Das elektronenmikroskop},
	author={Knoll, M.  and Ruska, E.},
	journal={Zeitschrift für Physik},
	volume={78},
	pages={318-339},
	year={1932},
}


@article{Haider1997,
	author = {M. Haider and S. Uhlemann and E. Schwan and B. Kabius},
	year = {1997},
	month = {01},
	pages = {7-7},
	title = {Development of a spherical corrected 200 kV TEM: current state of this project and results obtained so far},
	volume = {74},
	journal = {European Journal of Cell Biology}
}



@book{Frank2006,
	title={Electron Tomography},
	author={Frank, J.},
	year={2006},
	publisher={Springer},
	address = {New York}
}

@article{VanAarle2015,
	author = {Van Aarle, W.  and  Palenstijn, W. J. and  De Beenhouwer, J. and www},
	year = {2015},
	pages = {35-47},
	title = {The ASTRA toolbox: a platform for advanced algorithm development in electron tomography},
	volume = {157},
	journal = {Ultramicroscopy}
}

@article{Heidari2013,
	author = {Heidari, H.  and Van Den Broek, W.  and Bals, S.},
	year = {2013},
	pages = {1-5},
	title = {Quantitative electron tomography: the effect of the three-dimensional point spread function},
	volume = {135},
	journal = {Ultramicroscopy}
}

@article{Koning2013,
	author = {Koning, R. I.  and Kutchnoukov, V. G.  and Hagen, C. W.  and www},
	year = {2013},
	pages = {99-104},
	title = {Nanofabrication of a gold fiducial array on specimen support for electron tomography},
	volume = {135},
	journal = {Ultramicroscopy}
}

@article{Fakron2015,
	author = { Fakron, O. M.  and Field,  D. P.},
	year = {2015},
	pages = {21-25},
	title = {3D image reconstruction of fiber systems using electron tomography},
	volume = {149},
	journal = {Ultramicroscopy}
}

@article{Baumeister1999,
	author = { Baumeister, W.  and Grimm, R and Walz, J},
	year = {1999},
	pages = {81-85},
	title = {Electron tomography of molecules and cells},
	volume = {9},
	journal = {Trends in Cell Biology}
}

@article{McEwen2001,
	author = { McEwen, B F  and Marko, M},
	year = {2001},
	pages = {553-563},
	title = {The emergence of electron tomography as an important tool for investigating cellular ultrastructure},
	volume = {49},
	number = {5},
	journal = {The Journal of Histochemistry & Cytochemistry}
}

@article{McIntosh2001,
	author = {McIntosh, J R},
	year = {2001},
	pages = {F25-F32},
	title = {Electron microscopy of cells: a new beginning for a new Century},
	volume = {153},
	number = {6},
	journal = {The Journal of Cell Biology}
}

@book{Nellist2000,
	title={The principles and interpretation of annular dark-field Z-contrast imaging},
	author={Nellist, P D and Pennycook, S J},
	year={2000},
	publisher={Elsevier}
}

@article{Kubel2005,
	author = {Kubel, C and Voigt, A and Schoenmakers, R and xxx},
	title = {Recent advances in electron tomography: TEM and HAADF-STEM tomography for materials science and semiconductor applications},
	journal = {Microscopy and Microanalysis},
	year = {2005},
	volume = {11},
	number = {5},
	pages = {378-400},
}

@article{Zhong2017,
	author = {Zhong, Z and Goris, B and Schoenmakers, R and xxx},
	title = {A bimodal tomographic reconstruction technique combining EDS-STEM and HAADF-STEM},
	journal = {Ultramicroscopy},
	year = {2017},
	volume = {174},
	number = {},
	pages = {35-45},
}

@article{Alania2017,
	author = {Alania, M and Altantzis, T and De Backer, A and xxx},
	title = {Depth sectioning combined with atom-counting in HAADF STEM to retrieve the 3D atomic structure},
	journal = {Ultramicroscopy},
	year = {2017},
	volume = {177},
	number = {},
	pages = {36-42},
}

@article{Lefebvre2015,
	author = {Lefebvre, W and Hernandez-Maldonado, D and Moyon, F and xxx},
	title = {HAADF-STEM atom counting in atom probe tomography specimens: towards quantitative correlative microscopy},
	journal = {Ultramicroscopy},
	year = {2015},
	volume = {159},
	number = {Part 2},
	pages = {403-412},
}

@article{Zhou2019,
	author = {Zhou, J H and Yang, Y and Yang, Y and xxx},
	title = {Observing crystal nucleation in four dimensions using atomic electron tomography},
	journal = {Nature},
	year = {2015},
	volume = {570},
	number = {7762},
	pages = {500-503},
}

@article{Chen2013,
	author = {Chen, C C and Zhu, C and White, E R and xxx},
	title = {Three-dimensional imaging of dislocations in a nanoparticle at atomic resolution},
	journal = {Nature},
	year = {2013},
	volume = {496},
	number = {7443},
	pages = {74},
}

@article{Miao2016,
	author = {Miao, J W and Ercius, P and Billinge, S J},
	title = {Atomic electron tomography: 3D structures without crystals},
	journal = {Science},
	year = {2016},
	volume = {353},
	number = {6306},
	pages = {aaf2157},
}

@article{Zhu2013,
	author = {Zhu, C and Chen, C C and Du, J and xxx},
	title = {Towards three-dimensional structural determination of amorphous materials at atomic resolution},
	journal = {Physical Review B},
	year = {2013},
	volume = {88},
	number = {10},
	pages = {100201},
}

@article{Xu2015,
	author = {Xu, R and Chen, C C and Wu L and xxx},
	title = {Three-dimensional coordinates of individual atoms in materials revealed by electron tomography},
	journal = {Nature Materials},
	year = {2015},
	volume = {14},
	number = {11},
	pages = {1099-1103},
}

@article{Scott2012,
	author = {Scott, M C and Chen, C C and Mecklenburg, M and xxx},
	title = {Electron tomography at 2.4-angstrom resolution},
	journal = {Nature},
	year = {2012},
	volume = {483},
	number = {7390},
	pages = {444-447},
}

@article{WangCY2020,
	author = {Wang, C Y and Duann, H C and Chen, C J and xxx},
	title = {Three-dimensional atomic structure of grain boundaries resolved by atomic-resolution electron tomography},
	journal = {Matter},
	year = {2020},
	volume = {3},
	number = {6},
	pages = {1999-2011},
}

@article{Persson2001,
	author = {Persson, M and Bone, D and Elmqvist, H},
	title = {Total variation norm for three-dimensional iterative reconstruction in limited view angle tomography},
	journal = {Physics in medicine and biology},
	year = {2001},
	volume = {46},
	number = {},
	pages = {853-866},
}

@article{Rudin1996,
	author = {Rudin, L I and Osher, S and Fatemi, E},
	title = {Nonlinear total variation based noise removal algorithms},
	journal = {Physica D},
	year = {1996},
	volume = {60},
	number = {},
	pages = {259-268},
}

@article{Goris1996,
	author = {Goris, B and Van den Broek, W and Batenburg, K J and xxx},
	title = {Electron tomography based on a total variation minimization reconstruction technique},
	journal = {Ultramicroscopy},
	year = {2012},
	volume = {113},
	number = {},
	pages = {120-130},
}

@article{Jiang2018,
	author = {Jiang, Y and Padgett, E and Hovden, R and xxx},
	title = {Sampling limits for electron tomography with sparsity-exploiting reconstructions},
	journal = {Ultramicroscopy},
	year = {2018},
	volume = {186},
	number = {},
	pages = {94-103},
}

@article{YangF2020,
	author = {Yang, F and Pham, T A and Gupta, H and xxx},
	title = {Deep-learning projector for optical diffraction tomography},
	journal = {Optical Express},
	year = {2020},
	volume = {28},
	number = {3},
	pages = {3905-3921},
}

@article{YuXW2020,
	author = {Yu, X W and Chen, J H and Ming, W Q and xxx},
	title = {Revisiting the hierarchical microstructures of an Al–Zn–Mg alloy fabricated by pre‑deformation and aging},
	journal = {Acta Metallurgica Sinica (English Letters)},
	year = {2020},
	volume = {33},
	number = {},
	pages = {1518-1526},
}

@article{Lu2010,
	author = {Lu, X Q and Sun, Y and Bai, G F},
	title = {Adaptive wavelet-Galerkin methods for limited angle tomography},
	journal = {Image and Vision Computing},
	year = {2010},
	volume = {28},
	number = {4},
	pages = {696-703},
}

@inproceedings{Aganj2007,
	author = {Aganj, I and Bartesaghi, A and Borgnia, M and xxx},
	title = {Regularization for inverting the radon transform with wedge consideration},
	booktitle = {IEEE International Symposium on Biomedical Imaging: From Nano To Macro},
	year = {2007},
	pages = {217-220},
}

@article{Paavolainen2014,
	author = {Paavolainen, L and Acar, E and Tuna, U and xxx},
	title = {Compensation of missing wedge effects with sequential statistical reconstruction in electron tomography},
	journal = {Plos One},
	year = {2014},
	volume = {9},
	number = {10},
	pages = {e108978},
}

@article{Yau1996,
	author = {Yau, S F and Wong, S H},
	title = {Limited angle tomography using artificial neural network},
	journal = {Neural Networks Image Process},
	year = {1996},
	volume = {2664},
	number = {},
	pages = {170-181},
}

@article{Trampert2016,
	author = {Trampert, P and Chen, D and Bogachev, S and xxx},
	title = {Dictionary-based filling of the missing wedge in electron tomography},
	journal = {Microscopy and Microanalysis},
	year = {2016},
	volume = {22},
	number = {S3},
	pages = {554-555},
}

@article{Kovacik2014,
	author = {Kovacik, L and Kereiche, S and Hoog, J L and xxx},
	title = {A simple Fourier filter for suppression of the missing wedge ray artefacts in single-axis electron tomographic reconstructions},
	journal = {Journal of Structural Biology},
	year = {2014},
	volume = {186},
	number = {1},
	pages = {141-152},
}

@article{Kupsch2015,
	author = {Kupsch, A and Lange, A and Hentschel, M P and xxx},
	title = {Missing wedge computed tomography by iterative algorithm DIRECTT},
	journal = {Journal of Microscopy (Oxford, United Kingdom)},
	year = {2015},
	volume = {261},
	number = {1},
	pages = {36-45},
}

@article{Lee2008,
	author = {Lee, E and Fahimian, B P and Iancu, C V and xxx},
	title = {Radiation dose reduction and image enhancement in biological imaging through equally-sloped tomography},
	journal = {Journal of Structural Biology},
	year = {2008},
	volume = {164},
	number = {2},
	pages = {221-227},
}

@article{Ress1999,
	author = {Ress, D and Harlow, M L and Schwarz, M and xxx},
	title = {Automatic acquisition of fiducial markers and alignment of images in tilt series for electron tomography},
	journal = {Journal of Electron Microscopy},
	year = {1999},
	volume = {48},
	number = {3},
	pages = {277-287},
}

@article{Jones2013,
	author = {Jones, S D and Härting, M},
	title = {A new correlation based alignment technique for use in electron tomography},
	journal = {Ultramicroscopy},
	year = {2013},
	volume = {135},
	number = {},
	pages = {56-63},
}

@article{Diez2006,
	author = {Díez, D C and Seybert, A and Frangakis, A S},
	title = {Tilt-series and electron microscope alignment for the correction of the non-perpendicularity of beam and tilt-axis},
	journal = {Journal of Structural Biology},
	year = {2006},
	volume = {154},
	number = {2},
	pages = {195-205},
}

@article{Printemps2016,
	author = {Printemps, T and Mula, G and Sette, D and xxx},
	title = {Self-adapting denoising, alignment and reconstruction in electron tomography in materials science},
	journal = {Ultramicroscopy},
	year = {2016},
	volume = {160},
	number = {},
	pages = {23-34},
}

@article{ChenFR2017,
	author = {Chen, F R and Kisielowski, C and Van Dyck, D},
	title = {Prospects for atomic resolution in-line holography for a 3D determination of atomic structures from single projections},
	journal = {Advanced structural and chemical imaging},
	year = {2017},
	volume = {3},
	number = {1},
	pages = {8},
}

@article{ChenFR2016,
	author = {Chen, F R and Van Dyck, D and Kisielowski, C},
	title = {In-line three-dimensional holography of nanocrystalline objects at atomic resolution},
	journal = {Nature Communications},
	year = {2016},
	volume = {7},
	number = {},
	pages = {10603},
}

@article{Jia2014,
	author = {Jia, C L and Mi, S B and Barthel, J},
	title = {Determination of the 3D shape of a nanoscale crystal with atomic resolution from a single image},
	journal = {Nature Materials},
	year = {2014},
	volume = {13},
	number = {11},
	pages = {1044-1049},
}

@article{VanDyck2012,
	author = {Van Dyck, D and Jinschek, J R and Chen, F R},
	title = {'Big Bang' tomography as a new route to atomic-resolution electron tomography},
	journal = {Nature},
	year = {2012},
	volume = {486},
	number = {7402},
	pages = {243-246},
}

@article{VanAert2011,
	author = {Van Aert, S and Batenburg, K J and Rossell, M D, and xxx},
	title = {Three-dimensional atomic imaging of crystalline nanoparticles},
	journal = {Nature},
	year = {2011},
	volume = {470},
	number = {7334},
	pages = {374-377},
}

@patent{RudenbergReinhold1931,
	author = {Rudenberg, R},
	title = {Three-dimensional atomic imaging of crystalline nanoparticles},
	nationality = {Germany},
	patenttype = {DE},
	patentnumber = {906737},
	number = {DE906737},
	year  = {1931},
	month = {05},
	day = {30}
}

@article{Crewe1969,
	author = {Crewe, A V and  Isaacson, M and Johnson, D},
	title = {A simple scanning electron microscope},
	journal = {Review of Scientific Instruments},
	year = {1969},
	volume = {40},
	number = {241},
	pages = {241-246},
}

@article{Kisielowski2008,
	author = {Kisielowski, C and Freita, B and Bischoff, M and xxx},
	title = {Detection of single atoms and buried defects in three dimensions by aberration-corrected electron microscope with 0.5-Å information limit},
	journal = {Microscopy and Microanalysis},
	year = {2008},
	volume = {14},
	number = {5},
	pages = {469-477},
}

@article{Linck2016,
	author = {Linck, M and Hartel, P and Uhlemann, S and xxx},
	title = {Chromatic aberration correction for atomic resolution TEM imaging from 20 to 80 kV},
	journal = {Physical Review Letters},
	year = {2016},
	volume = {117},
	number = {7},
	pages = {076101},
}

@article{Buckingham1865,
	author = {Buckingham, J D},
	title = {Thermionic emission properties of a lanthanum hexaboride/rhenium cathode},
	journal = {British Journal of Applied Physics},
	year = {1865},
	volume = {16},
	number = {12},
	pages = {1821},
}

@article{Garbrecht2011,
	author = {Garbrecht, M and Spiecker, E and Tillmann, K and XXX},
	title = {Quantitative atom column position analysis at the incommensurate interfaces of a (PbS)\textsubscript{1.14}NbS\textsubscript{2} misfit layered compound with aberration-corrected HRTEM},
	journal = {Ultramicroscopy},
	year = {2011},
	volume = {111},
	number = {3},
	pages = {245-250},
}

@article{DeBeeck1996,
	author = {Op De Beeck, M and Van Dyck, D},
	title = {Direct structure reconstruction in HRTEM},
	journal = {Ultramicroscopy},
	year = {1996},
	volume = {64},
	number = {1-4},
	pages = {153-165},
}

@article{Lynch1971,
	author = {Lynch, D F},
	title = {Effects in dynamic electron diffraction intensities from gold},
	journal = {Acta Crystallographica},
	year = {1971},
	volume = {A27},
	number = {},
	pages = {399-407},
}

@article{Wang1991,
	author = {Wang, Z L},
	title = {Multiple inelastic xcattering in high-energy electron diffraction and imaging},
	journal = {Acta Crystallographica},
	year = {1991},
	volume = {A47},
	number = {},
	pages = {686-698},
}

@article{Wang1995,
	author = {Wang, Z L and Li, D C},
	title = {Dynamical diffraction of double-inelastically scattered electrons},
	journal = {Philosophical Magazine Part B},
	year = {1995},
	volume = {71},
	number = {2},
	pages = {201-219},
}

@article{Spence1998,
	author = {Spence, J C H},
	title = {Direct inversion of dynamical electron diffraction patterns to structure factors},
	journal = {Acta Crystallographica},
	year = {1991},
	volume = {A54},
	number = {},
	pages = {7-18},
}

@article{Cowley1968,
	author = {Cowley, J M and Pogany, A P},
	title = {Diffuse scattering in electron diffraction patterns. I. General theory and computational methods},
	journal = {Acta Crystallographica},
	year = {1968},
	volume = {A24},
	number = {},
	pages = {109-116},
}

@article{Howie1961,
	author = {Howie, A and Whelan, M J},
	title = {Diffraction contrast of electron microscope images of crystal lattice defects. II. The development of a dynamical theory},
	journal = {Proceedings of the Royal Society A: Mathematical, Physical and Engineering Sciences},
	year = {1961},
	volume = {263},
	number = {1313},
	pages = {217-237},
}

@article{Chen1995,
	author = {Chen, J H and Wang, Y M and Luo, X J and xxx},
	title = {An improved multislice method for calculating high-energy electron diffraction and imaging under conditions of inclined illumination},
	journal = {Philosophical Magazine Letters},
	year = {1995},
	volume = {71},
	number = {1},
	pages = {33-37},
}

@article{Gomez2010,
	author = { Gómez-Rodríguez, A and Beltrán-del-Río, L M and Herrera-Becerra, R},
	title = {SimulaTEM: multislice simulations for general objects},
	journal = {Ultramicroscopy},
	year = {2010},
	volume = {110},
	number = {2},
	pages = {95-104},
}

@article{Kirkland2011,
	author = { Kirkland, E J},
	title = {On the optimum probe in aberration corrected ADF-STEM},
	journal = {Ultramicroscopy},
	year = {2011},
	volume = {111},
	number = {11},
	pages = {1523-1530},
}

@article{Chen2004,
	author = { Chen, J H and Zandbergen, H W and Van Dyck, D},
	title = {Atomic imaging in aberration-corrected high-resolution transmission electron microscopy},
	journal = {Ultramicroscopy},
	year = {2004},
	volume = {98},
	number = {2-4},
	pages = {81-97},
}

@article{Chang2006,
	author = { Chang, L Y and Kirkland, A I and Titchmarsh, J M},
	title = {On the importance of fifth-order spherical aberration for a fully corrected electron microscope},
	journal = {Ultramicroscopy},
	year = {2006},
	volume = {106},
	number = {4-5},
	pages = {301-306},
}

@article{Xin2009,
	author = { Xin, H L and Muller, D A},
	title = {Aberration-corrected ADF-STEM depth sectioning and prospects for reliable 3D imaging in S/TEM},
	journal = {Journal of Electron Microscopy},
	year = {2009},
	volume = {58},
	number = {4},
	pages = {157-165},
}

@article{Bosch2015,
	author = {Bosch, E G T and Lazić, I},
	title = {Analysis of HR-STEM theory for thin specimen},
	journal = {Ultramicroscopy},
	year = {2015},
	volume = {156},
	number = {},
	pages = {59-72},
}

@article{Ma2018,
	author = {Ma, X and Zhang, Z and Yao, M and xxx},
	title = {Spatially-incoherent annular illumination microscopy for bright-field optical sectioning},
	journal = {Ultramicroscopy},
	year = {2018},
	volume = {195},
	number = {},
	pages = {74-84},
}

@article{Gao2017,
	author = {Gao, P and Kumamoto, A and Ishikawa, R and xxx},
	title = {Picometer-scale atom position analysis in annular bright-field STEM imaging},
	journal = {Ultramicroscopy},
	year = {2017},
	volume = {184},
	number = {},
	pages = {177-187},
}

@article{Kim2017,
	author = {Kim, Y M and Pennycook, S J and Borisevich, A Y},
	title = {Quantitative comparison of bright field and annular bright field imaging modes for characterization of oxygen octahedral tilts},
	journal = {Ultramicroscopy},
	year = {2017},
	volume = {181},
	number = {},
	pages = {1-7},
}

@article{Findlay2010,
	author = {Findlay, S D and Shibata, N and Sawada, H and xxx},
	title = {Dynamics of annular bright field imaging in scanning transmission electron microscopy},
	journal = {Ultramicroscopy},
	year = {2010},
	volume = {110},
	number = {7},
	pages = {903-923},
}

@article{Hillyard1993,
	author = {Hillyard, S and Loane, R F and Silcox, J},
	title = {Annular dark-field imaging: resolution and thickness effects},
	journal = {Ultramicroscopy},
	year = {1993},
	volume = {49},
	number = {},
	pages = {14-25},
}

@article{Hillyard1995,
	author = {Hillyard, S and Silcox, J},
	title = {Detector geometry, thermal diffuse scattering and strain effects in ADF STEM imaging},
	journal = {Ultramicroscopy},
	year = {1995},
	volume = {58},
	number = {1},
	pages = {6-17},
}

@article{Loane1992,
	author = {Loane, R F and Xu, P R and Silcox, J},
	title = {Incoherent imaging of zone axis crystals with ADF STEM},
	journal = {Ultramicroscopy},
	year = {1992},
	volume = {40},
	number = {},
	pages = {121-138},
}

@article{VandenBroek2012,
	author = {Van Den Broek, W and Rosenauer, A and Goris, B and xxx},
	title = {Correction of non-linear thickness effects in HAADF STEM electron tomography},
	journal = {Ultramicroscopy},
	year = {2012},
	volume = {116},
	number = {},
	pages = {8-12},
}

@article{Midgley2003,
	author = {Midgley, P A and Weyland, M},
	title = {3D electron microscopy in the physical sciences: the development of Z-contrast and EFTEM tomography},
	journal = {Ultramicroscopy},
	year = {2003},
	volume = {96},
	number = {3-4},
	pages = {413-431},
}

@article{Wang1991-1,
	author = {Wang, Z L and Bentley, J},
	title = {Z-contrast imaging of bulk crystal surfaces in scanning reflection electron microscopy},
	journal = {Ultramicroscopy},
	year = {1991},
	volume = {37},
	number = {},
	pages = {39-49},
}

@article{Treacy1993,
	author = {Treacy, M M J},
	title = {Coherence and multiple scattering in ``Z-contrast'' images},
	journal = {Ultramicroscopy},
	year = {1993},
	volume = {52},
	number = {},
	pages = {31-53},
}

@article{Batson1993,
	author = {Batson, P E},
	title = {Simultaneous STEM imaging and electron energy-loss spectroscopy with atomic-column sensitivity},
	journal = {Nature},
	year = {1993},
	volume = {366},
	number = {6457},
	pages = {727-728},
}

@article{Fink1984,
	author = {Fink, J and Müller-Heinzerling, T and Pflüger, J and xxx},
	title = {Investigation of hydrocarbon-plasma-generated carbon films by electron-energy-loss spectroscopy},
	journal = {Physical Review B},
	year = {1983},
	volume = {30},
	number = {8},
	pages = {4713},
}

@article{Kimoto2007,
	author = {Kimoto, K and Asaka, T and Nagai, T and xxx},
	title = {Element-selective imaging of atomic columns in a crystal using STEM and EELS},
	journal = {Nature},
	year = {2007},
	volume = {450},
	number = {710},
	pages = {702-704},
}

@article{Cowley1957,
	author = {Cowley, J M and Moodie, A F},
	title = {The scattering of electrons by atoms and crystals. I. A new theoretical approach},
	journal = {Acta Crystallographica},
	year = {1957},
	volume = {10},
	number = {},
	pages = {609-669},
}

@article{Cai2009,
	author = {Cai, C Y and Zeng, S J and Liu, H R and xxx},
	title = {Computational comparison of the conventional multislice method and the real space multislice method for simulating exit wavefunctions},
	journal = {Micron},
	year = {2009},
	volume = {40},
	number = {3},
	pages = {313-319},
}

@article{Cai2012,
	author = {Cai, C Y and Chen, J H},
	title = {An accurate multislice method for low-energy transmission electron microscopy},
	journal = {Micron},
	year = {2012},
	volume = {43},
	number = {2-3},
	pages = {374-379},
}

@article{Chen1997,
	author = {Chen, J H and Van Dyck, D},
	title = {Accurate multislice theory for elastic electron scattering in transmission electron microscopy},
	journal = {Ultramicroscopy},
	year = {1997},
	volume = {70},
	number = {1-2},
	pages = {29-44},
}

@article{Ming2013,
	author = {Ming, W Q and Chen, J H},
	title = {Validities of three multislice algorithms for quantitative low-energy transmission electron microscopy},
	journal = {Ultramicroscopy},
	year = {2013},
	volume = {134},
	number = {0},
	pages = {135-143},
}

@article{Chen1996,
	author = {Chen, J H and Op De Beeck, M and Van Dyck, D},
	title = {Can the multislice method be used to caculate HOLZ reflections in high-energy electron diffraction and imaging?},
	journal = {Microscopy Microanalysis Microstructures},
	year = {1996},
	volume = {7},
	number = {},
	pages = {27-47},
}

@article{Li1985,
	author = {Li, F H and Tang, D},
	title = {Pseudo-weak-phase-object approximation in high-resolution electron microscopy. I. Theory. Acta crystallographica},
	journal = {Section A, Foundations of crystallography},
	year = {1985},
	volume = {41},
	number = {4},
	pages = {376-382},
}

@article{Vulovic2014,
	author = {Vulovic, M and Voortman, L M and Van Vliet, L J and xxx},
	title = {When to use the projection assumption and the weak-phase object approximation in phase contrast cryo-EM},
	journal = {Ultramicroscopy},
	year = {2014},
	volume = {136},
	number = {},
	pages = {61-66},
}

@article{VanDyck1980,
	author = {Van Dyck, D},
	title = {Fast computational procedures for the simulation of structure images in complex or disordered crystals : a new approach},
	journal = {Journal of Microscopy},
	year = {1980},
	volume = {119},
	number = {Pt 1},
	pages = {141-152},
}

@article{Coene1984,
	author = {Coene, W and Van Dyck, D},
	title = {The real space method for dynamical electron diffrection calculations in high resolution electron microscopy ll. Critical analysis of the dependency on the input parameters},
	journal = {Ultramicroscopy},
	year = {1984},
	volume = {15},
	number = {},
	pages = {41-50},
}

@article{VanDyck1984,
	author = {Van Dyck, D and Coene, W},
	title = {The real space method for dynamical electron diffrection calculations in high resolution electron microscopy l. Principles of the method},
	journal = {Ultramicroscopy},
	year = {1984},
	volume = {15},
	number = {},
	pages = {29-40},
}

@article{Coene1984-1,
	author = {Coene, W and Van Dyck, D},
	title = {The real space method for dynamical electron diffrection calculations in high resolution electron microscopy III. A computational algorithm for the electron propagation with its practical applications},
	journal = {Ultramicroscopy},
	year = {1984},
	volume = {15},
	number = {},
	pages = {287-300},
}

@book{Kirkland2010,
	author = {Kirkland, E J},
	title = {Advanced computing in electron microscopy},
	year={2010},
	publisher={Springer US},
	address = {New York}
}

@article{Hytch1994,
	author = {Hÿtch, M J and Stobbs, W M},
	title = {Quantitative comparison of high resolution TEM images with image simulations},
	journal = {Ultramicroscopy},
	year = {1994},
	volume = {53},
	number = {},
	pages = {191-203},
}

@article{Thust2009,
	author = {Thust, A},
	title = {High-resolution transmission electron microscopy on an absolute contrast scale},
	journal = {Physical Review Letters},
	year = {2009},
	volume = {102},
	number = {22},
	pages = {220801},
}

@article{VanBroek2012,
	author = {Van Den Broek, W and Van Aert, S and Van Dyck, D},
	title = {Fully automated measurement of the modulation transfer function of charge-coupled devices above the Nyquist frequency},
	journal = {Microscopy and Microanalysis},
	year = {2012},
	volume = {18},
	number = {2},
	pages = {336-342},
}

@book{Kak1988,
	author = {Kak, A C and Slaney, M},
	title = {Principles of computerized tomographic imaging},
	year={1988},
	publisher={Society of Industrial and Applied Mathematics},
	address = {United States of America}
}

@article{Liu2016,
	author = {Liu, X and Peng, D},
	title = {Regularized iterative weighted filtered back-projection for few-view data photoacoustic imaging},
	journal = {Computational and Mathematical Methods in Medicine},
	year = {2016},
	volume = {2016},
	number = {},
	pages = {1-8},
}

@article{Cho1994,
	author = {Cho, Z H and Wu, E X and Hilal, S K},
	title = {Weighted backprojection approach to cone beam 3D projection reconstruction for truncated spherical detection geometry},
	journal = {IEEE Transactions on Medical Imaging},
	year = {1994},
	volume = {13},
	number = {1},
	pages = {110-121},
}

@article{Gordon1970,
	author = {Gordon, R and Bender, R and Herman, G T},
	title = {Algebraic reconstruction techniques (ART) for three-dimensional electron microscopy and X-ray photography},
	journal = {Journal of Theoretical Biology},
	year = {1970},
	volume = {29},
	number = {3},
	pages = {471-481},
}

@article{Gregor2008,
	author = {Gregor, J and Benson, T},
	title = {Computational analysis and improvement of SIRT},
	journal = {IEEE Transaction on Medical Imaging},
	year = {2008},
	volume = {27},
	number = {7},
	pages = {918-924},
}

@article{Okariz2017,
	author = {Okariz, A and Guraya, T and Iturrondobeitia, M and xxx},
	title = {A methodology for finding the optimal iteration number of the SIRT algorithm for quantitative Electron Tomography},
	journal = {Ultramicroscopy},
	year = {2017},
	volume = {173},
	number = {},
	pages = {36-46},
}

@article{Jiang2003,
	author = {Jiang, M and Wang, G},
	title = {Convergence of the simultaneous algebraic reconstruction technique (SART)},
	journal = {IEEE Transactions on Image Processing},
	year = {2003},
	volume = {12},
	number = {8},
	pages = {957-961},
}

@article{Andersen1984,
	author = {Andersen, A H and Kak, A C},
	title = {Simultaneous algebraic reconstruction technique (SART): a superior implementation of the ART algorithm},
	journal = {Ultrasonic Imaging},
	year = {1984},
	volume = {6},
	number = {1},
	pages = {81-94},
}

@article{Garces2011,
	author = {Garces, D H and Rhodes, W T and Peña, N M},
	title = {Projection-slice theorem: a compact notation},
	journal = {Journal of the Optical Society of America A},
	year = {2011},
	volume = {28},
	number = {5},
	pages = {766-769},
}

@article{Bracewell1990,
	author = {Bracewell, R N},
	title = {Numerical transforms},
	journal = {Science},
	year = {1990},
	volume = {248},
	number = {4956},
	pages = {697-704},
}

@article{Miao2005,
	author = {Miao, J W and Förster, F and Levi, O},
	title = {Equally sloped tomography with oversampling reconstruction},
	journal = {Physical Review B},
	year = {2005},
	volume = {72},
	number = {5},
	pages = {052103},
}

@article{Mao2010,
	author = {Mao, Y and Fahimian, B P and Osher, S J and xxx},
	title = {Development and optimization of regularized tomographic reconstruction algorithms utilizing equally-sloped tomography},
	journal = {IEEE Transaction on Image Processing},
	year = {2010},
	volume = {19},
	number = {5},
	pages = {1259-1268},
}

@article{Hovden2014,
	author = {Hovden, R and Ercius, P and Jiang, Y and xxx},
	title = {Breaking the crowther limit: combining depth-sectioning and tilt tomography for high-resolution, wide-field 3D reconstructions},
	journal = {Ultramicroscopy},
	year = {2014},
	volume = {140},
	number = {},
	pages = {26-31},
}

@article{Radon1917,
	author = {Radon, J},
	title = {Über die bestimmung von funktionen durch ihre integralwerte längs gewisser mannigfaltigkeiten},
	journal = {Mathematisch-Physische Klasse},
	year = {1917},
	volume = {69},
	number = {},
	pages = {262-277},
}


@article{Wolf2014,
	author = {Wolf, D and Lubk, A and Lichte, H},
	title = {Weighted simultaneous iterative reconstruction technique for single-axis tomography},
	journal = {Ultramicroscopy},
	year = {2014},
	volume = {136},
	number = {},
	pages = {15-25},
}

@article{Kaczmarz1937,
	author = {Kaczmarz, S},
	title = {Angenäherte auflösung von systemen linearer gleichungen},
	journal = {Bulletin International de l'Académie Polonaise des Sciences et des Lettres},
	year = {1937},
	volume = {35},
	number = {},
	pages = {355-357},
}

@article{Averbuch2006,
	author = {Averbuch, A and Coifman, R R and Donoho, D L and xxx},
	title = {Fast and accurate polar fourier transform},
	journal = {Applied and Computational Harmonic Analysis},
	year = {2006},
	volume = {21},
	number = {2},
	pages = {145-167},
}

@article{Green1990,
	author = {Green, P J},
	title = {Bayesian reconstructions from emission tomography data using a modified EM algorithm},
	journal = {IEEE Transaction on Medical Imaging},
	year = {1990},
	volume = {9},
	number = {},
	pages = {84-93},
}

@article{Batenburg2009,
	author = {Batenburg, K J and Bals, S and Sijbers, J and xxx},
	title = {3D imaging of nanomaterials by discrete tomography},
	journal = {Ultramicroscopy},
	year = {2009},
	volume ={109},
	number = {6},
	pages = {730-740},
}

@article{Bals2007,
	author = {Bals, S and Batenburg, K J and Verbeeck, J and xxx},
	title = {Quantitative three-dimensional reconstruction of catalyst particles for bamboo-like carbon nanotubes},
	journal = {Nano Letters},
	year = {2007},
	volume ={7},
	number = {12},
	pages = {3669-3674},
}

@article{Biermans2010,
	author = {Biermans, E and Molina, L and Batenburg, K J and xxx},
	title = {Measuring porosity at the nanoscale by quantitative electron tomography},
	journal = {Nano Letters},
	year = {2010},
	volume ={10},
	number = {12},
	pages = {5014-5019},
}

@article{Bals2009,
	author = {Bals, S, and Batenburg, K J and Liang, D D and xxx},
	title = {Quantitative three-dimensional modeling of zeotile through discrete electron tomography},
	journal = {Journal of the American Chemical Society},
	year = {2009},
	volume ={131},
	number = {},
	pages = {4769-4773},
}

@article{Zurner2009,
	author = {Zurner, A and Doblinger, M and Cauda, V and xxx},
	title = {Discrete tomography of demanding samples based on a modified SIRT algorithm},
	journal = {Ultramicroscopy},
	year = {2012},
	volume ={115},
	number = {},
	pages = {41-49},
}

@article{Zhuge2017,
	author = {Zhuge, X D and Jinnai, H and Dunin-Borkowski, R E and xxx},
	title = {Automated discrete electron tomography - Towards routine high-fidelity reconstruction of nanomaterials},
	journal = {Ultramicroscopy},
	year = {2017},
	volume ={175},
	number = {},
	pages = {87-96},
}

@article{Srinivasan1993,
	author = {Srinivasan, V and Han, Y K and Ong, S H},
	title = {Image reconstruction by a Hopfield neural network},
	journal = {Image and Vision Computing},
	year = {1993},
	volume ={11},
	number = {5},
	pages = {278-282},
}

@article{Ma2000,
	author = {Ma, X F and Fukuhara, M and Takeda, T},
	title = {Neural network CT image reconstruction method for small amount of projection data},
	journal = {Nuclear Instruments and Methods in Physics Research Selection A},
	year = {2000},
	volume ={449},
	number = {1},
	pages = {366-377},
}


@inproceedings{Deming1998,
	title={Reconstruction of time-varying objects in computerized tomography using a model-based neural network},
	author={Deming, R W},
	booktitle={STIS'98: Joint Conf. Science and Tech. Intelligent Sys. (ISIC/CIRA/ISAS)},
	pages={422-427},
	year={1998}
}

@article{Cichocki1995,
	author = {Cichocki, A and Unbehauen, R and Lendl, M and xxx},
	title = {Neural networks for linear inverse problems with incomplete data especially in applications to signal and image reconstruction},
	journal = {Neurocomputing},
	year = {1995},
	volume ={8},
	number = {1},
	pages = {7-41},
}

@article{Wang2006,
	author = {Wang, J and Meng, J and Huang, X and xxx},
	title = {Neural-network approach for optical tomography},
	journal = {Signal Processing},
	year = {2006},
	volume ={86},
	number = {9},
	pages = {2495-2502},
}

@article{Teranishi2016,
	author = {Teranishi, M},
	title = {Improved neural network tomography by initial learning with coarse reconstructed image},
	journal = {Neurocomputing},
	year = {2016},
	volume ={172},
	number = {},
	pages = {399-404},
}

@article{Ding2019,
	author = {Ding, G L and Liu, Y T and Zhang, R and xxx},
	title = {A joint deep learning model to recover information and reduce artifacts in missing-wedge sinograms for electron tomography and beyond},
	journal = {Scientific Reports},
	year = {2019},
	volume ={9},
	number = {},
	pages = {12803},
}

@article{Pelt2013,
	author = {Pelt, D M and Batenburg, K J},
	title = {Fast tomographic reconstruction from limited data using artificial neural networks},
	journal = {IEEE Transaction on Image Processing},
	year = {2013},
	volume ={22},
	number = {12},
	pages = {5238-5251},
}

@article{Bladt2015,
	author = {Bladt, E and Pelt, D M and Bals, S and xxx},
	title = {Electron tomography based on highly limited data using a neural network reconstruction technique},
	journal = {Ultramicroscopy},
	year = {2015},
	volume ={158},
	number = {},
	pages = {81-88},
}

@article{YangF2015,
	author = {Yang, F and Pham, T A and Gupta, H and xxx},
	title = {Deep-learning projector for optical diffraction tomography},
	journal = {Optics Express},
	year = {2020},
	volume ={28},
	number = {3},
	pages = {3905-3921},
}

@article{Brandt2001,
	author = {Brandt, S and Heikkonen, J and Engelhardt, P},
	title = {Multiphase method for automatic alignment of transmission electron microscope images using markers},
	journal = {Journal of Structural Biology},
	year = {2001},
	volume = {133},
	number = {1},
	pages = {10-22},
}

@article{Gontard2015,
	author = {Gontard, L C},
	title = {Removing the effects of the ``dark matter'' in tomography},
	journal = {Ultramicroscopy},
	year = {2015},
	volume = {154},
	number = {0},
	pages = {64-72},
}

@article{Ishikawa2015,
	author = {Ishikawa, R and Lupini, A R and Hinuma, Y and xxx},
	title = {Large-angle illumination STEM: toward three-dimensional atom-by-atom imaging},
	journal = {Ultramicroscopy},
	year = {2015},
	volume = {151},
	number = {},
	pages = {122-129},
}

@article{Nellist2007,
	author = {Nellist, P D and Cosgriff, E C and Behan, G and xxx},
	title = {Imaging modes for scanning confocal electron microscopy in a double aberration-corrected transmission electron microscope},
	journal = {Microscopy and Microanalysis},
	year = {2007},
	volume = {14},
	number = {1},
	pages = {82-88},
}

@article{Crowther1970,
	author = {Crowther, R A and De Rosier, D J and Klug, A},
	title = {The reconstruction of a three-dimensional structure from projections and its application to electron microscopy},
	journal = {Proceedings of the Royal Society of London. A. Mathematical and Physical Sciences},
	year = {1970},
	volume = {317},
	number = {1530},
	pages = {319-340},
}

@article{Jacobsen2018,
	author = {Jacobsen, C},
	title = {Relaxation of the Crowther criterion in multislice tomography},
	journal = {Optics Letters},
	year = {2018},
	volume = {43},
	number = {19},
	pages = {4811-4814},
}

@article{Ming2018,
	author = {Ming, W Q and Chen, J H and He, Y T and xxx},
	title = {An improved iterative wave function reconstruction algorithm in high-resolution transmission electron microscopy},
	journal = {Ultramicroscopy},
	year = {2018},
	volume = {195},
	number = {},
	pages = {111-120},
}

@article{Ishizuka2013,
	author = {Ishizuka, K},
	title = {Phase retrieval from image intensities: why does exit wave restoration using IWFR work so well?},
	journal = {Microscopy (Oxford, England)},
	year = {2013},
	volume = {62 Suppl 1},
	number = {},
	pages = {S109-118},
}

@article{Allen2004,
	author = {Allen, L J and McBride, W and O'Leary, N L and xxx},
	title = {Exit wave reconstruction at atomic resolution},
	journal = {Ultramicroscopy},
	year = {2004},
	volume = {100},
	number = {1-2},
	pages = {91-104},
}

@article{Haigh2013,
	author = {Haigh, S J and Jiang, B and Alloyeau, D and xxx},
	title = {Recording low and high spatial frequencies in exit wave reconstructions},
	journal = {Ultramicroscopy},
	year = {2013},
	volume = {133},
	number = {0},
	pages = {26-34},
}

@article{Morgan2011,
	author = {Morgan, A J and Martin, A V and D'Alfonso, A J and xxx},
	title = {Direct exit-wave reconstruction from a single defocused image},
	journal = {Ultramicroscopy},
	year = {2011},
	volume = {111},
	number = {9-10},
	pages = {1455-1460},
}

@article{Thust1996,
	author = {Thust, A and Coene, W and Op De Beeck, M and xxx},
	title = {Focal-series reconstruction in HRTEM: simulation studies on non-periodic objects},
	journal = {Ultramicroscopy},
	year = {1996},
	volume = {64},
	number = {1-4},
	pages = {211-230},
}

@article{OpdeBeeck1996,
	author = {Op De Beeck, M and Van Dyck, D and Coene, W},
	title = {Wave function reconstruction in HRTEM: the parabola method},
	journal = {Ultramicroscopy},
	year = {1996},
	volume = {64},
	number = {},
	pages = {167-183},
}

@article{Zandbergen1996,
	author = {Zandbergen, H W and Tang, D and Jansen, J and xxx},
	title = {The use of through focus exit wave reconstruction in the structure determination of several intermetallic superconductors},
	journal = {Ultramicroscopy},
	year = {1996},
	volume = {64},
	number = {},
	pages = {231-247},
}

@article{Coene1992,
	author = {Coene, W and Janssen, G and Op De Beeck, M and xxx},
	title = {Phase retrieval through focus variation for ultra-resolution in field-emission transmission electron microscopy},
	journal = {Physical Review Letters},
	year = {1992},
	volume = {69},
	number = {26},
	pages = {3743-3746},
}

@article{Coene1996,
	author = {Coene, W and Thust, A and Op De Beeck, M and xxx},
	title = {Maximum-likelihood method for focus-variation image reconstruction in high resolution transmission electron microscopy},
	journal = {Physical Review Letters},
	year = {1996},
	volume = {64},
	number = {1-4},
	pages = {109-135},
}

@article{ChenFR2015,
	author = {Chen, F R and Kisielowski, C and Van Dyck, D},
	title = {3D reconstruction of nanocrystalline particles from a single projection},
	journal = {Micron},
	year = {2015},
	volume = {68},
	number = {0},
	pages = {59-65},
}

@article{WangA2012,
	author = {Wang, A and Chen, F R and Van Aert, S and xxx},
	title = {Direct structure inversion from exit waves. Part II: A practical example},
	journal = {Ultramicroscopy},
	year = {2012},
	volume = {116},
	number = {0},
	pages = {77-85},
}

@article{WangA2010,
	author = {Wang, A and Chen, F R and Van Aert, S and xxx},
	title = {Direct structure inversion from exit waves: Part I: Theory and simulations},
	journal = {Ultramicroscopy},
	year = {2010},
	volume = {110},
	number = {5},
	pages = {527-534},
}

@article{Jia2006,
	author = {Jia, C L and Nagarajan, V and He, J Q and xxx},
	title = {Unit-cell scale mapping of ferroelectricity and tetragonality in epitaxial ultrathin ferroelectric films},
	journal = {Nature Materials},
	year = {2006},
	volume = {6},
	number = {1},
	pages = {64-69},
}

@article{Jia2004,
	author = {Jia, C L and Urban, K W},
	title = {Atomic-resolution measurement of oxygen concentration in oxide materials},
	journal = {Science},
	year = {2006},
	volume = {303},
	number = {26},
	pages = {2001-2004},
}

@article{Urban2009,
	author = {Urban, K W and Jia, C L and Houben, L and xxx},
	title = {Negative spherical aberration ultrahigh-resolution imaging in corrected transmission electron microscopy},
	journal = {Philosophical Transactions of the Royal Society, A: Mathematical, Physical & Engineering Sciences},
	year = {2009},
	volume = {367},
	number = {1903},
	pages = {3735-3753},
}

@article{Jia2003,
	author = {Jia, C L and Lentzen, M and Urban, K W},
	title = {Atomic-resolution imaging of oxygen in perovskite ceramics},
	journal = {Science},
	year = {2003},
	volume = {299},
	number = {},
	pages = {870-873},
}

@article{Jia1999,
	author = {Jia, C L and Thust, A},
	title = {Investigation of atomic displacements at a $\Sigma3\left\{111\right\}$ twin boundary in BaTiO\textsubscript{3} by means of phase-retrieval electron microscopy},
	journal = {Physical Review Letters},
	year = {1999},
	volume = {82},
	number = {25},
	pages = {5052-5055},
}

@article{Weyland2002,
	author = {Weyland, M},
	title = {Electron tomography of catalysts},
	journal = {Topics in Catalysis},
	year = {2002},
	volume ={21},
	number = {4},
	pages = {175-183},
}



@article{Malladi2014,
	author = {Malladi, S K and Xu, Q and Van Huis, M A and xxx},
	title = {Real-time atomic scale imaging of nanostructural evolution in aluminum alloys},
	journal = {Nano Letters},
	year = {2014},
	volume = {14},
	number = {1},
	pages = {384-389},
}


@article{Dahlberg2020,
	author = {Dahlberg, P D and Saurabh, S and Sartor, A M and xxx},
	title = {Cryogenic single-molecule fluorescence annotations for electron tomography reveal in situ organization of key proteins in Caulobacter},
	journal = {PNAS},
	year = {2020},
	volume ={117},
	number = {25},
	pages = {13937-13944},
}

@article{Yang2014,
	author = {Yang, X B and Chen, J H and Liu, J Z and xxx},
	title = {A high-strength AlZnMg alloy hardened by the T-phase precipitates},
	journal = {Journal of Alloys and Compounds},
	year = {2014},
	volume = {610},
	number = {},
	pages = {69-73},
}




@article{Rumelhart1986,
	author = {Rumelhart, D E and Hinton, G E and Williams, R J},
	title = {Learning representations by back-propagating errors},
	journal = {Nature},
	year = {1986},
	volume ={323},
	number = {},
	pages = {533-536},
}

@article{Skoglund1996,
	author = {Skoglund, U and Öfverstedt, L-G and Burnett, R M and xxx},
	title = {Maximum-entropy three-dimensional reconstruction with deconvolution of the contrast transfer function: a test application with adenovirus},
	journal = {Journal of Structural Biology},
	year = {1986},
	volume ={117},
	number = {3},
	pages = {173-188},
}

@inproceedings{Abadi2016,
	title={A system for large-scale machine learning},
	author={Abadi, M and Barham, P and Chen, J M and xxx},
	booktitle={12th USENIX Symposium on Operating Systems Design and Implementation},
	pages={265-283},
	year={2016}
}

@article{Zhang2018,
	author = {Zhang, Y and Wu, C L and Wang, Y D and xxx},
	title = {A detailed study of the microstructure and thermal stability of typical SiC fibers},
	journal = {Materials Characterization},
	year = {2018},
	volume ={146},
	number = {},
	pages = {91-100},
}

@article{Haider1998,
	author = {Haider, M and Rose, H and Uhlemann, S and xxx},
	title = {A spherical-aberration-corrected 200 kV transmission electron microscope},
	journal = {Ultramicroscopy},
	year = {1998},
	volume ={75},
	number = {},
	pages = {53-60},
}

@article{Hosokawa2013,
	author = {Hosokawa, F and Sawada, H and Kondo, Y and xxx},
	title = {Development of Cs and Cc correctors for transmission electron microscopy},
	journal = {Microscopy (Oxford, England)},
	year = {2013},
	volume ={62},
	number = {1},
	pages = {23-41},
}


@article{Azubel2014,
	author = {Azubel, M and Koivisto, J and Malola, S and xxx},
	title = {Electron microscopy of gold nanoparticles at atomic resolution},
	journal = {Science},
	year = {2014},
	volume ={345},
	number = {6199},
	pages = {909-912},
}

@article{Lu2015,
	author = {Lu, X and Gao, W and Zuo, J and xxx},
	title = {Atomic resolution tomography reconstruction of tilt series based on a GPU accelerated hybrid input-output algorithm using polar Fourier transform},
	journal = {Ultramicroscopy},
	year = {2015},
	volume = {149},
	number = {0},
	pages = {64-73},
}

@article{Borisevich2006-1,
	author = {Borisevich, A Y and Lupini, A R and Travaglini, S and xxx},
	title = {Depth sectioning of aligned crystals with the aberration-corrected scanning transmission electron microscope},
	journal = {Journal of Electron Microscopy},
	year = {2006},
	volume ={55},
	number = {1},
	pages = {7-12},
}

@article{Bosch2020,
	author = {Bosch, E G T and Lazić, I},
	title = {Analysis of depth-sectioning STEM for thick samples and 3D imaging},
	journal = {Ultramicroscopy},
	year = {2019},
	volume ={207},
	number = {},
	pages = {112831},
}

@article{Yang2015,
	author = {Yang, H and Lozano, J G and Pennycook, T J and xxx},
	title = {Imaging screw dislocations at atomic resolution by aberration-corrected electron optical sectioning},
	journal = {Nature Communications},
	year = {2015},
	volume = {6},
	number = {},
	pages = {7266},
}

@article{Aveyard2016,
	author = {Aveyard, R and Rieger, B},
	title = {Tilt series STEM simulation of a 25×25×25 nm semiconductor with characteristic X-ray emission},
	journal = {Ultramicroscopy},
	year = {2016},
	volume ={171},
	number = {},
	pages = {96-103},
}

@article{Tanaka1999,
	author = {Tanaka, N and Hu, J J and Baba, N},
	title = {An ``on-line'' correction method of defocus and astigmatism in HAADF-STEM},
	journal = {Ultramicroscopy},
	year = {1999},
	volume ={78},
	number = {},
	pages = {103-110},
}

@article{VanDyck1983,
	author = {Van Dyck, D},
	title = {High-speed computation techniques for the simulation of high resolution electron micrographs},
	journal = {Journal of Microscopy},
	year = {1983},
	volume ={132},
	number = {Pt 1},
	pages = {31-42},
}

@article{Wang1998,
	author = {Wang, Z L},
	title = {The `frozen-lattice' approach for incoherent phonon excitation in electron scattering. How accurate is it?},
	journal = {Acta Crystallographica},
	year = {1998},
	volume ={54},
	number = {},
	pages = {460-467},
}

@article{Alania2018,
	author = {Alania, M and Lobato, I and Van Aert, S},
	title = {Frozen lattice and absorptive model for high angle annular dark field scanning transmission electron microscopy: a comparison study in terms of integrated intensity and atomic column position measurement},
	journal = {Ultramicroscopy},
	year = {2018},
	volume ={184},
	number = {Pt A},
	pages = {188-198},
}

@book{Born1980,
	title={Principles of optics:electromagnetic theory of propagation, interference and diffraction of light},
	author={Born, M and Wolf, E},
	year={1980},
	publisher={Pergamon}
}

@article{Lee2013,
	author = {Lee, S and Oshima, Y and Hosono, E and xxx},
	title = {Reversible contrast in focus series of annular bright field images of a crystalline LiMn\textsubscript{2}O\textsubscript{4} nanowire},
	journal = {Ultramicroscopy},
	year = {2013},
	volume ={125},
	number = {},
	pages = {43-48},
}

@article{Intaraprasonk2008,
	author = {Intaraprasonk, V and Xin, H L and Muller, D A},
	title = {Analytic derivation of optimal imaging conditions for incoherent imaging in aberration-corrected electron microscopes},
	journal = {Ultramicroscopy},
	year = {2008},
	volume = {108},
	number = {11},
	pages = {1454-1466},
}

@article{Sinkler1999,
	author = {Sinkler, W and Marks, L D},
	title = {A simple channelling model for HREM contrast transfer under dynamical conditions},
	journal = {Journal of Microscopy},
	year = {1999},
	volume ={194},
	number = {Pt 1},
	pages = {112-123},
}

@article{MWQ2018,
	title={一种基于改进的多层法和 GPU 加速的透射电镜图像模拟算法和程序},
	author={明文全 and 陈江华 and 牛凤姣 and 我我我},
	journal={电子显微学报},
	volume={37},
	number={5},
	pages={427-435},
	year={2018},
	lang="zh"
}

@article{SRH2020,
	title={景深对 HAADF-STEM 原子分辨率三维重构的影响},
	author={沈若涵 and 明文全 and 何玉涛 and xxxx},
	journal={电子显微学报},
	volume={39},
	number={5},
	pages={526-535},
	year={2020},
	lang="zh"
}

@article{SRH2019,
	author = {Shen, R H and Ming, W Q and Chen, J H and xxx},
	title = {Feasible atomic-resolution electron tomography for general crystal surfaces by quantitative reconstruction from a high-resolution image},
	journal = {Ultramicroscopy},
	year = {2019},
	volume = {205},
	number = {},
	pages = {27-38},
}


@article{DeRosier1968,
	author = {De Rosier, D J and Klug, A},
	title = {Reconstruction of three dimensional structures from electron micrographs},
	journal = {Nature},
	year = {1968},
	volume = {217},
	number = {5124},
	pages = {130-134},
}

@article{Jaramillo2007,
	author = {Jaramillo, T F and Jørgensen, K P and Bonde, J and xxx},
	title = {Identification of active edge sites for electrochemical H\textsubscript{2} evolution from MoS\textsubscript{2} nanocatalysts},
	journal = {Science},
	year = {2007},
	volume = {317},
	number = {5834},
	pages = {100-102},
}

@article{Chen2006,
	author = {Chen, J H and Costan, E and Van Huis, M A and xxx},
	title = {Atomic pillar-based nanoprecipitates strengthen AlMgSi alloys},
	journal = {Science},
	year = {2006},
	volume = {312},
	number = {5772},
	pages = {416-419},
}

@article{Xin2008,
	author = {Xin, H L and Intaraprasonk, V and Muller, D A},
	title = {Depth sectioning of individual dopant atoms with aberration-corrected scanning transmission electron microscopy},
	journal = {Applied Physics Letters},
	year = {2008},
	volume = {92},
	number = {1},
	pages = {013125},
}

@article{Borisevich2006,
	author = {Borisevich, A Y and Lupini, A R and Pennycook, S J},
	title = {Depth sectioning with the aberration-corrected scanning transmission electron microscope},
	journal = {Proceedings of the National Academy of Sciences of the United States of America},
	year = {2006},
	volume = {103},
	number = {9},
	pages = {3044-3048},
}

@article{VandenBroek2010,
	author = {Van Den Broek, W and Van Aert, S and Van Dyck, D},
	title = {A model based reconstruction technique for depth sectioning with scanning transmission electron microscopy},
	journal = {Ultramicroscopy},
	year = {2010},
	volume = {110},
	number = {5},
	pages = {548-554},
}

@article{Chen1997-1,
	author = {Chen, J H and Van Dyck, D and Op De Beeck, M and xxx},
	title = {Computational comparisons between the conventional multislice method and the third-order multislice method for calculating high-energy electron diffraction and imaging},
	journal = {Ultramicroscopy},
	year = {1997},
	volume = {69},
	number = {4},
	pages = {219-240},
}

@article{Chen1995-1,
	author = {Chen, J H and Van Dyck, D and Op De Beeck, M and xxx},
	title = {Modification of the multislice method for calculating coherent STEM images},
	journal = {Physica Status Solidi},
	year = {1995},
	volume = {150},
	number = {1},
	pages = {13-22},
}

@article{Chen1997-2,
	author = {Chen, J H and Van Dyck, D and Op De Beeck, M and xxx},
	title = {Multislice method for large beam tilt with application to HOLZ effects in triclinic and monoclinic crystals},
	journal = {Acta Crystallographica},
	year = {1997},
	volume = {A53},
	number = {},
	pages = {576-589},
}

@article{Ishizuka1980,
	author = {Ishizuka, K},
	title = {Contrast transfer of crystal images in TEM},
	journal = {Ultramicroscopy},
	year = {1980},
	volume = {5},
	number = {1},
	pages = {55-65},
}

@article{Frank1973,
	author = {Frank, J},
	title = {The envelope of electron microscopic transfer functions for partially coherent illumination},
	journal = {Optik},
	year = {1973},
	volume = {38},
	number = {5},
	pages = {519-536},
}

@article{Garland2008,
	author = {Garland, M and Grand, S L and Nickolls, J and xxx},
	title = {Parallel computing experiences with CUDA},
	journal = {IEEE Micro},
	year = {2008},
	volume ={28},
	number = {4},
	pages = {13-27},
}

@article{Jansen2013,
	author = {Jansen, J and Otten, M T and Zandbergen, H W},
	title = {Towards automatic alignment of a crystalline sample in an electron microscope along a zone axis},
	journal = {Ultramicroscopy},
	year = {2013},
	volume ={125},
	number = {},
	pages = {59-65},
}

@article{Grieb2018,
	author = {Grieb, T and Tewes, M and Schowalter, M and xxx},
	title = {Quantitative HAADF STEM of SiGe in presence of amorphous surface layers from FIB preparation},
	journal = {Ultramicroscopy},
	year = {2018},
	volume ={184},
	number = {Pt B},
	pages = {29-36},
}

@article{Kilaas1998,
	author = {Kilaas, R},
	title = {Optimal and near‐optimal filters in high‐resolution electron microscopy},
	journal = {Journal of Microscopy (Oxford, United Kingdom)},
	year = {1998},
	volume ={190},
	number = {1‐2},
	pages = {45-51},
}

@article{Liu2011,
	author = {Liu, C H and Chen, J H and Li, C and xxx},
	title = {Multiple silicon nanotwins formed on the eutectic silicon particles in Al-Si alloys},
	journal = {Scripta Materialia},
	year = {2011},
	volume ={64},
	number = {4},
	pages = {339-342},
}

@article{Zhang2019,
	author = {Zhang, Q and Zhang, L Y and Jin, C H and xxx},
	title = {CalAtom: A software for quantitatively analysing atomic columns in a transmission electron microscope image},
	journal = {Ultramicroscopy},
	year = {2019},
	volume ={202},
	number = {},
	pages = {114-120},
}

@article{Gao1999,
	author = {Gao, H X and Peng, L M},
	title = {Parameterization of the temperature dependence of the Debye-Waller factors},
	journal = {Acta Crystallographica},
	year = {1999},
	volume ={55},
	number = {5},
	pages = {926-932},
}

@phdthesis{cai2004,
	title={电子动力衍射模拟计算的新方法},
	author={蔡灿英},
	year={2008},
	school={湘潭大学},
	lang="zh"
}

@phdthesis{Ming2017,
	title={现代电子显微学中的几个基础问题研究},
	author={明文全},
	year={2017},
	school={湖南大学},
	lang="zh"
}


@book{little1995greenways,
	title={Greenways for america},
	author={Little, Charles E},
	year={1995},
	publisher={ Springer US}
}


@article{ces2009,
	title={迈阿密河绿道——一条工业河流的绿色基础设施},
	author={查尔斯 and others},
	journal={风景园林},
	number={3},
	pages={20-25},
	year={2009},
	lang="zh"
}


@article{jongman2004european,
	title={European ecological networks and greenways},
	author={Jongman, Rob HG and K{\"u}lvik, Mart and Kristiansen, Ib},
	journal={Landscape and urban planning},
	volume={68},
	number={2},
	pages={305-319},
	year={2004},
	publisher={Elsevier}
}


@article{ribeiro2006greenways,
	title={Greenways for recreation and maintenance of landscape quality: five case studies in Portugal},
	author={Ribeiro, Lu{\'\i}s and Barao, Teresa},
	journal={Landscape and urban planning},
	volume={76},
	number={1},
	pages={79-97},
	year={2006},
	publisher={Elsevier}
}


@book{hollnagel1993human,
	title={Human reliability analysis: context and control},
	author={Hollnagel, Erik},
	volume={145},
	year={1993},
	publisher={Academic Press London}
}


@article{byf2008,
	title={基于 IPA 分析法的临安旅游购物满意度实证研究},
	author={包亚芳 and 孙治 and 闪媛媛 and 张华},
	journal={昆明大学学报},
	volume={19},
	number={2},
	pages={54-58},
	year={2008},
	lang="zh"
}


@article{hy2006,
	title={利用廊道网络构建城市绿地生态系统},
	author={黄艺 and 陈晖 and 黄志基 and 蔡满堂 and 康俊水},
	journal={应用生态学报},
	volume={17},
	number={9},
	pages={l683-l687},
	year={2006},
	lang="zh"
}



@article{whz2005,
	title={基于 GIS, 景观格局和网络分析法的厦门本岛生态网络规划},
	author={王海珍 and 张利权},
	journal={植物生态学报},
	volume={29},
	number={1},
	pages={144-152},
	year={2005},
	lang="zh"
}


@inproceedings{fabos1991parks,
	title={From parks to greenways into the 21st century},
	author={Fabos, Julius Gy},
	booktitle={Proceedings from Selected Educational Sessions of the 1991 ASLA Annual Meeting, Kansas City, MO},
	year={1991}
}



@article{ribeiro1998cultural,
	title={The cultural landscape and the uniqueness of place: a greenway heritage network for landscape conservation of Lisbon Metropolitan Area},
	author={Ribeiro, Luis F},
	year={1998}
}



@article{zq2006,
	title={绿色通道规划研究进展评述},
	author={朱强 and 刘海龙},
	journal={城市问题},
	number={5},
	pages={11-16},
	year={2006},
	lang="zh"
}


@article{tsh2007,
	title={绿道规划研究进展与展望},
	author={谭少华 and 赵万民},
	journal={中国园林},
	volume={23},
	number={2},
	pages={85-89},
	year={2007},
	lang="zh"
}


@article{whyte1961securing,
	title={Securing Open Space for Urban America: Conservation Easements},
	author={Whyte Jr, William H},
	journal={Soil Science},
	volume={92},
	number={2},
	pages={153},
	year={1961},
	publisher={LWW}
}


@article{gobster1995perception,
	title={Perception and use of a metropolitan greenway system for recreation},
	author={Gobster, Paul H},
	journal={Landscape and Urban Planning},
	volume={33},
	number={1},
	pages={401-413},
	year={1995},
	publisher={Elsevier}
}


@article{fabos2004greenway,
	title={Greenway planning in the United States: its origins and recent case studies},
	author={Fabos, Julius G},
	journal={Landscape and urban planning},
	volume={68},
	number={2},
	pages={321-342},
	year={2004},
	publisher={Elsevier}
}



@article{ahern1995greenways,
	title={Greenways as a planning strategy},
	author={Ahern, Jack},
	journal={Landscape and urban planning},
	volume={33},
	number={1},
	pages={131-155},
	year={1995},
	publisher={Elsevier}
}


@article{lts2001,
	title={绿道及其生态意义},
	author={李团胜 and 王萍},
	journal={生态学杂志},
	volume={20},
	number={6},
	pages={59-61},
	year={2001},
	lang="zh"
}


@article{hxl12004,
	title={从绿化隔离带到绿色通道},
	author={韩西丽},
	journal={城市问题},
	volume={2},
	pages={27-31},
	year={2004},
	lang="zh"
}


@article{hlx22004,
	title={伦敦城市开放空间规划中的绿色通道网络思想},
	author={韩西丽 and 俞孔坚},
	journal={新建筑},
	volume={5},
	pages={7-9},
	year={2004},
	lang="zh"
}

@article{fabos1995introduction,
	title={Introduction and overview: the greenway movement, uses and potentials of greenways},
	author={Fabos, Julius Gy},
	journal={Landscape and urban planning},
	volume={33},
	number={1},
	pages={1-13},
	year={1995},
	publisher={Elsevier}
}

@article{linehan1995greenway,
	title={Greenway planning: developing a landscape ecological network approach},
	author={Linehan, John and Gross, Meir and Finn, John},
	journal={Landscape and urban planning},
	volume={33},
	number={1},
	pages={179-193},
	year={1995},
	publisher={Elsevier}
}

@inproceedings{wang1996review,
	title={A Review of the Landscape of a Parkway—Case Study of Parkway in Taichung},
	author={Wang, HL},
	booktitle={8th IFLA Eastern Regional Conference. Hong Kong},
	pages={61-66},
	year={1996}
}


@article{miller1998approach,
	title={An approach for greenway suitability analysis},
	author={Miller, William and Collins, Michael G and Steiner, Frederick R and Cook, Edward},
	journal={Landscape and Urban Planning},
	volume={42},
	number={2},
	pages={91-105},
	year={1998},
	publisher={Elsevier}
}


@article{shafer2000tale,
	title={A tale of three greenway trails: user perceptions related to quality of life},
	author={Shafer, C Scott and Lee, Bong Koo and Turner, Shawn},
	journal={Landscape and Urban Planning},
	volume={49},
	number={3},
	pages={163-178},
	year={2000},
	publisher={Elsevier}
}


@article{arendt2004linked,
	title={Linked landscapes: Creating greenway corridors through conservation subdivision design strategies in the northeastern and central United States},
	author={Arendt, Randall},
	journal={Landscape and Urban Planning},
	volume={68},
	number={2},
	pages={241-269},
	year={2004},
	publisher={Elsevier}
}


@book{brasier2011urban,
	title={Urban Greenways: The Case for the Selmon Greenway},
	author={Brasier, Alana},
	year={2011},
	publisher={University of South Florida}
}


@article{znx2006,
	title={绿道及其研究进展},
	author={周年兴 and 俞孔坚 and 黄震方},
	journal={生态学报},
	volume={26},
	number={9},
	pages={3108-3116},
	year={2006},
	lang="zh"
}


@article{zyb2007,
	title={欧洲绿道建设的理论与实践},
	author={张云彬 and 吴人韦},
	journal={中国园林},
	volume={23},
	number={8},
	pages={33-38},
	year={2007},
	lang="zh"
}


@article{xy2011,
	title={基于生态功能保护原理的绿道规划策略探讨——以珠三角绿道规划为例},
	author={夏媛 and 夏兵 and 李辉 and 池慧敏},
	journal={规划师},
	volume={27},
	number={9},
	pages={39-43},
	year={2011},
	lang="zh"
}


@article{hcl2013,
	title={绿道植物景观中的生态设计——以珠三角绿道为例},
	author={郜春丽 and 翁殊斐 and 赵宝玉},
	journal={南方园艺},
	volume={23},
	number={6},
	pages={34-36},
	year={2013},
	lang="zh"
}

@article{beard1980measuring,
	title={Measuring leisure satisfaction.},
	author={Beard, Jacob G and Ragheb, Mounir G and others},
	journal={Journal of leisure Research},
	volume={12},
	number={1},
	pages={20-33},
	year={1980}
}


@article{tribe1998servqual,
	title={From SERVQUAL to HOLSAT: holiday satisfaction in Varadero, Cuba},
	author={Tribe, John and Snaith, Tim},
	journal={Tourism Management},
	volume={19},
	number={1},
	pages={25-34},
	year={1998},
	publisher={Elsevier}
}


@article{gao2012application,
	title={The Application of Structural Equation Modeling in Tourism Research: A Review, Reflection and Examination.},
	author={Gao, Jun and Ma, Yao-feng and Wu, Bi-hu},
	journal={Tourism Tribune/Lvyou Xuekan},
	volume={27},
	number={7},
	year={2012}
}

@article{parasuraman2000impact,
	title={The impact of technology on the quality-value-loyalty chain: a research agenda},
	author={Parasuraman, Ananthanarayanan and Grewal, Dhruv},
	journal={Journal of the academy of marketing science},
	volume={28},
	number={1},
	pages={168-174},
	year={2000},
	publisher={Sage Publications}
}

@article{gwf2012,
	title={绿道及其在城市建设中的作用},
	author={关伟锋 and 高宁},
	journal={西北林学院学报},
	volume={27},
	number={3},
	pages={238-242},
	year={2012},
	lang="zh"
}

@phdthesis{mzh2004,
	title={顾客满意度测评方法研究},
	author={麻志宏},
	year={2004},
	school={大连理工大学},
	lang="zh"
}


@article{lmz2012,
	title={都市型绿道的感知与满意度研究——以广州市为例},
	author={梁明珠 and 刘志宏},
	journal={城市问题},
	number={3},
	pages={14-18},
	year={2012},
	lang="zh"
}

@article{martilla1977importance,
	title={Importance-performance analysis.},
	author={Martilla, John A and James, John C},
	journal={Journal of marketing},
	volume={41},
	number={1},
	year={1977}
}



@article{evans1989formulating,
	title={Formulating and Evaluating Tou Rism Policy Using Importance-Performance Analysis},
	author={Evans, Michael R and Chon, Kye-Sung},
	journal={Journal of Hospitality \& Tourism Research},
	volume={13},
	number={3},
	pages={203-213},
	year={1989},
	publisher={Sage Publications}
}



@mastersthesis{ff2010,
	title={基于 IPA 的服务质量测评及提升策略研究},
	author={方放},
	year={2010},
	school={东北大学},
	lang="zh"
}

@mastersthesis{sdp2012,
	title={基于 IPA 法的秦皇岛旅游目的地形象游客感知研究},
	author={宋丹萍},
	year={2012},
	school={燕山大学},
	lang="zh"
}


@phdthesis{xbs2009,
	title={基于 IPA 方法的我国国内观光旅游服务质量研究 [D]},
	author={许柏松},
	year={2009},
	school={中国科学技术大学},
	lang="zh"
}


@article{yhx2012,
	title={基于 IPA 方法的绿道公众满意度评价研究——以广东省佛山市为例},
	author={杨香花 and 刘云刚},
	journal={西南农业大学学报: 社会科学版},
	volume={10},
	number={6},
	pages={1-7},
	year={2012},
	lang="zh"
}



@article{ljl2012,
	title={广州市绿道功能感知的 IPA 评价与分析},
	author={林嘉玲 and 甘巧林 and 魏申 and 张天杰},
	journal={云南地理环境研究},
	volume={24},
	number={3},
	pages={48-54},
	year={2012},
	lang="zh"
}


@article{ly2012,
	title={基于适宜性分析与 GIS 的长沙市大河西先导区城市绿道网络设计},
	author={刘岳 and 李忠武 and 唐政洪 and 张燕 and 任平},
	journal={生态学杂志},
	volume={31},
	number={02},
	pages={426-432},
	year={2012},
	publisher={万方数据资源系统},
	lang="zh"
}

@article{fzx2011,
	title={绿道建设基准要素体系构建——《 珠江三角洲区域绿道 (省立) 建设基准技术规定》 编制思路},
	author={方正兴 and 朱江 and 袁媛 and 邱杰华 and 彭青},
	journal={规划师},
	volume={27},
	number={001},
	pages={56-61},
	year={2011},
	lang="zh"
}


@mastersthesis{zb2012,
	title={自贡釜溪河复合绿道植被景观规划评价体系研究},
	author={张斌},
	year={2012},
	school={西南大学},
	lang="zh"
}


@mastersthesis{zqj2012,
	title={城市绿道网络规划综合评价},
	author={张庆军},
	year={2012},
	school={华中科技大学},
	lang="zh"
}



